<record><leader>00000cas a2200000 a 4500</leader><controlfield tag="001">12422805</controlfield><controlfield tag="008">850824d18221926ksuwr ne      0    0eng d</controlfield><datafield ind1=" " ind2=" " tag="010"><subfield code="a">sn 85031878 </subfield></datafield><datafield ind1=" " ind2=" " tag="040"><subfield code="a">KSH</subfield><subfield code="b">eng</subfield><subfield code="c">KSH</subfield><subfield code="d">NPT</subfield><subfield code="d">OCL</subfield><subfield code="d">OCLCQ</subfield></datafield><datafield ind1=" " ind2=" " tag="042"><subfield code="a">msc</subfield></datafield><datafield ind1="0" ind2=" " tag="130"><subfield code="a">Manhattan republic (Manhattan, Kan. : 1882)</subfield></datafield><datafield ind1="1" ind2="4" tag="245"><subfield code="a">The Manhattan republic.</subfield></datafield><datafield ind1="1" ind2="3" tag="246"><subfield code="a">Weekly republic</subfield><subfield code="f">Feb. 2-Dec. 28, 1905</subfield></datafield><datafield ind1="1" ind2="3" tag="246"><subfield code="a">Manhattan republic and the Manhattan mercury and Riley County democrat</subfield><subfield code="f">Jan. 6-20, 1910</subfield></datafield><datafield ind1=" " ind2=" " tag="260"><subfield code="a">Manhattan, Kan. :</subfield><subfield code="b">G.A. Atwood,</subfield><subfield code="c">1882-1926.</subfield></datafield><datafield ind1=" " ind2=" " tag="300"><subfield code="a">44 v. :</subfield><subfield code="b">ill. ;</subfield><subfield code="c">64 cm.</subfield></datafield><datafield ind1=" " ind2=" " tag="310"><subfield code="a">Weekly,</subfield><subfield code="b">Jan. 6, 1910-Mar. 11, 1926</subfield></datafield><datafield ind1=" " ind2=" " tag="321"><subfield code="a">Weekly,</subfield><subfield code="b">June 23, 1882-Dec. 20, 1907</subfield></datafield><datafield ind1=" " ind2=" " tag="321"><subfield code="a">Semiweekly,</subfield><subfield code="b">Dec. 27, 1907-Dec. 31, 1909</subfield></datafield><datafield ind1="0" ind2=" " tag="362"><subfield code="a">Vol. 7, no. 321 (June 23, 1882)-50th year, no. 2975 (Mar. 11, 1926).</subfield></datafield><datafield ind1=" " ind2=" " tag="500"><subfield code="a">Publisher varies.</subfield></datafield><datafield ind1=" " ind2=" " tag="580"><subfield code="a">Issued also in daily editions called: Manhattan daily republic, &lt;July 8, 1877-July 31, 1891&gt;; Evening republic (Manhattan, Kan.) Jan. 4, 1904-Dec. 30, 1905.</subfield></datafield><datafield ind1=" " ind2=" " tag="752"><subfield code="a">United States</subfield><subfield code="b">Kansas</subfield><subfield code="c">Riley</subfield><subfield code="d">Manhattan.</subfield></datafield><datafield ind1="1" ind2=" " tag="775"><subfield code="t">Manhattan daily republic</subfield><subfield code="w">(DLC)sn 85031884</subfield></datafield><datafield ind1="1" ind2=" " tag="775"><subfield code="t">Evening republic (Manhattan, Kan.)</subfield><subfield code="w">(DLC)sn 85031871</subfield></datafield><datafield ind1="0" ind2="0" tag="780"><subfield code="t">Manhattan enterprise (Manhattan, Kan. : 1876)</subfield><subfield code="w">(DLC)sn 85031882</subfield></datafield><datafield ind1="0" ind2="5" tag="780"><subfield code="t">Signal (Manhattan, Kan.)</subfield><subfield code="g">July 1891</subfield><subfield code="w">(DLC)sn 85031908</subfield></datafield><datafield ind1="0" ind2="5" tag="780"><subfield code="t">Manhattan mercury (Manhattan, Kan : 1892)</subfield><subfield code="g">Dec. 31, 1909</subfield><subfield code="w">(DLC)sn 85031894</subfield></datafield><datafield ind1="0" ind2="5" tag="780"><subfield code="t">Riley County democrat (Manhattan, Kan. : 1909)</subfield><subfield code="g">Dec. 31, 1909</subfield><subfield code="w">(DLC)sn 85032661</subfield></datafield><datafield ind1="0" ind2="7" tag="785"><subfield code="t">Manhattan nationalist</subfield><subfield code="w">(DLC)sn 85031877</subfield></datafield><datafield ind1="0" ind2="7" tag="785"><subfield code="t">Manhattan republic and the Manhattan nationalist</subfield><subfield code="w">(DLC)sn 85031879</subfield></datafield><datafield ind1="1" ind2=" " tag="029"><subfield code="a">AU@</subfield><subfield code="b">000022164609</subfield></datafield></record>